
@article{SWCP,
 title = {Software citation principles},
 author = {Smith, Arfon M. and Katz, Daniel S. and Niemeyer, Kyle E. and {FORCE11 Software Citation Working Group}},
 year = 2016,
 month = sep,
 keywords = {Software citation, Software credit, Attribution},
 abstract = {
Software is a critical part of modern research and yet there is little support across the scholarly ecosystem for its acknowledgement and citation. Inspired by the activities of the FORCE11 working group focused on data citation, this document summarizes the recommendations of the FORCE11 Software Citation Working Group and its activities between June 2015 and April 2016. Based on a review of existing community practices, the goal of the working group was to produce a consolidated set of citation principles that may encourage broad adoption of a consistent policy for software citation across disciplines and venues. Our work is presented here as a set of software citation principles, a discussion of the motivations for developing the principles, reviews of existing community practice, and a discussion of the requirements these principles would place upon different stakeholders. Working examples and possible technical solutions for how these principles can be implemented will be discussed in a separate paper.
},
 volume = 2,
 pages = {e86},
 journal = {PeerJ Computer Science},
 issn = {2376-5992},
 url = {https://doi.org/10.7717/peerj-cs.86},
 doi = {10.7717/peerj-cs.86},
 note={DOI: \href{https://doi.org/10.7717/peerj-cs.86}{10.7717/peerj-cs.86}}
}

@misc{SWCP-web,
 author = {Smith, Arfon M. and Katz, Daniel S. and Niemeyer, Kyle E. and {FORCE11 Software Citation Working Group}},
 year = 2016,
 title = {Software citation principles},
 note={URL: \url{https://www.force11.org/software-citation-principles} [Accessed: 2016-12-05]},
 }
 
@misc{F11-SCWG-repo,
 year = 2016,
 author = {{FORCE11 Software Citation Working Group}},
 title = {{FORCE11} Software Citation Working Group {GitHub} Repository},
 note={URL: \url{https://github.com/force11/force11-scwg} [Accessed: 2016-12-05]},
 }

@misc{this-repo,
 year = 2016,
 author = {Daniel S. Katz and Kyle E. Niemeyer and Arfon M. Smith and William L. Anderson and Carl Boettiger and Konrad Hinsen and Mike Hucka and Allen Lee and Frank L\"offler and Tom Pollard and Fernando Rios},
 title = {Software vs. Data {GitHub} Repository},
 note={URL: \url{https://github.com/danielskatz/software-vs-data} [Accessed: 2016-12-05]},
 }


@article{Chun2004,
	Author = {Chun, Wendy Hui Kyong},
	Journal = {Grey Room},
	Month = {2016/12/05},
	Pages = {26--51},
	Title = {On Software, or the Persistence of Visual Knowledge},
	Year = {2005},
	note={DOI:\href{http://dx.doi.org/10.1162/1526381043320741}{10.1162/1526381043320741}},
	Publisher = {MIT Press},
	}

@article{Matthews2010,
author={B. Matthews and A. Shaon and J. Bicarregui and C. Jones},
title={A framework for software preservation},
journal={International Journal of Digital Curation},
volume={5},
number={1},
pages={91?105},
year={2010},
note={DOI:\href{http://dx.doi.org/10.2218/ijdc.v5i1.145}{10.2218/ijdc.v5i1.145}},
}

@misc{choose-a-license,
 author = {{Choose an open source license}},
 year=2016,
 title = {Non-software licenses},
 note={URL: \url{http://choosealicense.com/non-software/} [Accessed: 2016-12-05]},
 }
 
@misc{CC-license,
 author = {{Creative Commons}},
 year=2016,
 title = {Can I apply a Creative Commons license to software?},
 note={URL: \url{https://wiki.creativecommons.org/index.php/Frequently_Asked_Questions#Can_I_apply_a_Creative_Commons_license_to_software.3F} [Accessed: 2016-12-05]},
}
 
@misc{wiki-software-rot,
 author = {{Wikipedia}},
 year=2016,
 title = {Software Rot},
 note={URL: \url{https://en.wikipedia.org/wiki/Software_rot} [Accessed: 2016-12-05]},
}

@misc{wiki-data-degredation,
 author = {{Wikipedia}},
 year=2016,
 title = {Data degradation},
 note={URL: \url{https://en.wikipedia.org/wiki/Data_degradation} [Accessed: 2016-12-05]},
}

@phdthesis{Kay1969,
 author = {Kay, Alan Curtis},
 title = {The Reactive Engine},
 year = {1969},
 note = {AAI7003806},
 publisher = {The University of Utah},
} 



@book{NRC1995,
author={{National Research Council}},
title={Preserving Scientific Data on Our Physical Universe: A New Strategy for Archiving the Nation's Scientific Information Resources},
year=1995,
publisher={National Academies Press},
note={URL: \url{http://www.nap.edu/catalog/4871.html} [Accessed: 2016-12-05]},
}

@article{Rollins2014,
title = "A Computational Model Library for publishing model documentation and code ",
journal = "Environmental Modelling \& Software ",
volume = "61",
number = "",
pages = "59 - 64",
year = "2014",
note={DOI:\href{http://dx.doi.org/10.1016/j.envsoft.2014.06.022}{10.1016/j.envsoft.2014.06.022}},
doi = "http://dx.doi.org/10.1016/j.envsoft.2014.06.022",
url = "http://www.sciencedirect.com/science/article/pii/S1364815214001959",
author = "Nathan D. Rollins and C. Michael Barton and Sean Bergin and Marco A. Janssen and Allen Lee",
}

@article {Peng2011,
	author = {Peng, Roger D.},
	title = {Reproducible Research in Computational Science},
	volume = {334},
	number = {6060},
	pages = {1226--1227},
	year = {2011},
	doi = {10.1126/science.1213847},
	publisher = {American Association for the Advancement of Science},
	issn = {0036-8075},
	URL = {http://science.sciencemag.org/content/334/6060/1226},
	eprint = {http://science.sciencemag.org/content/334/6060/1226.full.pdf},
	journal = {Science},
note={DOI:\href{http://dx.doi.org/10.1126/science.1213847}{10.1126/science.1213847}},
}


@misc{Preserving.exe,
author={{Library of Congress}},
title={Preserving.exe: Toward a National Strategy for Software Preservation},
year=2013,
note={URL: \url{http://www.digitalpreservation.gov/multimedia/documents/PreservingEXE_report_final101813.pdf} [Accessed: 2016-12-05]},
}


@Incollection{Grimm2013,
author="Grimm, Volker
and Polhill, Gary
and Touza, Julia",
title="Documenting Social Simulation Models: The {ODD} Protocol as a Standard",
year="2013",
pages="117--133",
isbn="978-3-540-93813-2",
doi="10.1007/978-3-540-93813-2_7",
url="http://dx.doi.org/10.1007/978-3-540-93813-2_7",
 publisher="Springer Berlin Heidelberg",
note={DOI:\href{http://dx.doi.org/10.1007/978-3-540-93813-2_7}{10.1007/978-3-540-93813-2\_7}},
crossref={SSC},
}

@book{SSC,
  title = {AI Game Programming Wisdom 2},
  bookTitle="Simulating Social Complexity: A Handbook",
 publisher="Springer Berlin Heidelberg",
 year="2013",
 editor="Edmonds, Bruce
and Meyer, Ruth",
 address="Berlin, Heidelberg",
}

@article{WSSSPE2,
	Author = {Daniel S. Katz and Sou-Cheng T. Choi and Nancy Wilkins-Diehr and Neil {Chue Hong} and Colin C. Venters and James Howison and Frank J. Seinstra and Matthew Jones and Karen Cranston and Thomas L. Clune and Miguel de Val{-}Borro and Richard Littauer},
	Journal = {Journal Open Research Software},
	Number = {1},
	Pages = {e7},
	Title = {Report on the Second Workshop on Sustainable Software for Science: Practice and Experiences {(WSSSPE2)}},
	Volume = {4},
	Year = {2016},
	doi = {10.5334/jors.85},
        note={DOI:\href{http://dx.doi.org/10.5334/jors.85}{10.5334/jors.85}},
}

